Benutzung: https://github.com/hampoelz/HTL_LaTeX-Template/wiki/02-Benutzung#literaturverwaltung

book{latex:companion,
  author    = {Frank Mittelbach and Michel Gossens
               and Johannes Braams and David Carlisle
               and Chris Rowley},
  title     = {The {\LaTeX} Companion},
  year      = {2004},
  edition   = {2},
  isbn      = {978-0201362992},
  publisher = {Addison-Wesley Professional},
  pages     = {5--54,155--168},
  pagetotal = {1120}
}

misc{wiki:latex,
  author        = "{Wikipedia contributors}",
  title         = "LaTeX --- {Wikipedia}{,} The Free Encyclopedia",
  year          = "2022",
  howpublished  = "\url{https://en.wikipedia.org/w/index.php?title=LaTeX&oldid=1112101761}",
  note          = "[Online; accessed 25-September-2022]"
}